@article{Bai_2016,
author = {Bai, Jiawei and Di, Chongzhi and Xiao, Luo and Evenson, Kelly R and LaCroix, Andrea Z and Crainiceanu, Ciprian M and Buchner, David M},
journal = {PLoS One},
number = {8},
pages = {e0160644},
title = {{An Activity Index for Raw Accelerometry Data and Its Comparison with Other Activity Metrics}},
volume = {11},
year = {2016}
}

@article{Bakrania_2016,
author = {Bakrania, Kishan and Yates, Thomas and Rowlands, Alex V and Esliger, Dale W and Bunnewell, Sarah and Sanders, James and Davies, Melanie and Khunti, Kamlesh and Edwardson, Charlotte L},
journal = {PLoS One},
number = {10},
pages = {e0164045},
title = {{Intensity thresholds on raw acceleration data: euclidean norm minus one (ENMO) and mean amplitude deviation (MAD) approaches}},
volume = {11},
year = {2016}
}

@article{Basset_2012,
author = {{Basset Jr}, David R and Rowlands, Alex and Trost, Stewart G},
journal = {Med. Sci. Sport. Exerc.},
number = {Suppl 1},
pages = {S32--S38},
title = {{Calibration and validation of wearable monitors}},
volume = {44},
year = {2012}
}

@article{Bonomi_2009,
author = {Bonomi, Alberto G and Goris, Annelies H C and Yin, Bin and Westerterp, Klaas R},
journal = {Med. Sci. Sport. Exerc.},
number = {9},
pages = {1770--1777},
title = {{Detection of type, duration, and intensity of physical activity using an accelerometer}},
volume = {41},
year = {2009}
}

@article{Brandes_2012,
author = {Brandes, Mirko and {Van Hees}, Vincent T and Hann{\"{o}}ver, Viviane and Brage, Soren},
journal = {Med. Sci. Sport. Exerc.},
number = {11},
pages = {2235--2242},
title = {{Estimating energy expenditure from raw accelerometry in three types of locomotion}},
volume = {44},
year = {2012}
}

@article{Celis-Morales_2012,
author = {Celis-Morales, Carlos A and Perez-Bravo, Francisco and Iba{\~{n}}ez, Luis and Salas, Carlos and Bailey, Mark E S and Gill, Jason M R},
journal = {PLoS One},
number = {5},
pages = {e36345},
title = {{Objective vs. self-reported physical activity and sedentary time: effects of measurement method on relationships with risk biomarkers}},
volume = {7},
year = {2012}
}

@article{Chen_2005,
author = {Chen, Kong Y and {Bassett Jr}, David R},
journal = {Med. Sci. Sport. Exerc.},
number = {11 (Suppl)},
pages = {S490--S500},
title = {{The technology of accelerometry-based activity monitors: current and future}},
volume = {37},
year = {2005}
}

@article{Chen_2012,
author = {Chen, Kong Y and Janz, Kathleen F and Zhu, Weimo and Brychta, Robert J},
journal = {Med. Sci. Sport. Exerc.},
number = {Suppl 1},
pages = {S13--S23},
title = {{Redefining the roles of sensors in objective physical activity monitoring}},
volume = {44},
year = {2012}
}

@article{Crouter_2006,
author = {Crouter, Scott E. and Clowers, Kurt G. and Bassett, David R.},
journal = {J. Appl. Physiol.},
number = {4},
pages = {1324--1331},
title = {{A novel method for using accelerometer data to predict energy expenditure}},
volume = {100},
year = {2006}
}

@article{Fortune_2014,
author = {Fortune, Emma and Morrow, Melissa M B and Kaufman, Kenton R},
journal = {J. Appl. Biomech.},
number = {5},
pages = {668--674},
title = {{Assessment of gait kinetics using tri-axial accelerometers}},
volume = {30},
year = {2014}
}

@article{Freedson_1998,
author = {Freedson, Patty S and Melanson, Edward and Sirard, John},
journal = {Med. Sci. Sport. Exerc.},
number = {5},
pages = {777--781},
title = {{Calibration of the Computer Science and Applications, Inc. accelerometer}},
volume = {30},
year = {1998}
}

@article{Freedson_2012,
author = {Freedson, Patty S and Bowles, Heather R and Troiano, Richard and Haskell, William},
journal = {Med. Sci. Sport. Exerc.},
number = {Suppl 1},
pages = {S1--S4},
title = {{Assessment of physical activity using wearable monitors: recommendations for monitor calibration and use in the field}},
volume = {44},
year = {2012}
}

@article{Guthold_2018,
author = {Guthold, Regina and Stevens, Gretchen A and Riley, Leanne M and Bull, Fiona C},
journal = {Lancet Glob. Heal.},
number = {10},
pages = {e1077--e1086},
title = {{Worldwide trends in insufficient physical activity from 2001 to 2016: a pooled analysis of 358 population-based surveys with 1{\textperiodcentered}9 million participants}},
volume = {6},
year = {2018}
}

@article{Hildebrand_2017,
author = {Hildebrand, Maria and Hansen, Bjorge H and {Van Hees}, Vincent T and Ekelund, Ulf},
journal = {Scand. J. Med. Sci. Sports},
number = {12},
pages = {1814--1823},
title = {{Evaluation of raw acceleration sedentary thresholds in children and adults}},
volume = {27},
year = {2017}
}

@article{Intille_2012,
author = {Intille, Stephen S and Lester, Jonathan and Sallis, James F and Duncan, Glen},
journal = {Med. Sci. Sport. Exerc.},
number = {Suppl 1},
pages = {S24--S31},
title = {{New horizons in sensor development}},
volume = {44},
year = {2012}
}

@article{Janz_2003,
author = {Janz, Kathleen F and Rao, Smita and Baumann, Hope J and Schultz, Jaime L},
journal = {Pediatr. Exerc. Sci.},
number = {1},
pages = {34--43},
title = {{Measuring children's vertical ground reaction forces with accelerometry during walking, running and jumping: the Iowa Bone Development Study}},
volume = {15},
year = {2003}
}

@article{John_2013,
author = {John, Dinesh and Sasaki, Jeffer and Staudenmayer, John and Mavilia, Mariana and Freedson, Patty S},
journal = {Sensors (Basel)},
number = {11},
pages = {14754--14763},
title = {{Comparison of raw acceleration from the genea and actigraphâ„¢ GT3X+ activity monitors}},
volume = {13},
year = {2013}
}

@article{Kaminsky_2014,
author = {Kaminsky, Leonard A and Montoye, Alexander H K},
journal = {J. Am. Heart Assoc.},
number = {5},
pages = {e001430},
title = {{Physical activity and health: what is the best dose?}},
volume = {3},
year = {2014}
}

@article{Lee_2012,
author = {Lee, I-Min and Shiroma, Eric J and Lobelo, Felipe and Puska, Pekka and Blair, Steven N and Katzmarzyk, Peter T},
journal = {Lancet},
number = {9838},
pages = {219--229},
title = {{Effect of physical inactivity on major non-communicable diseases worldwide: an analysis of burden of disease and life expectancy}},
volume = {380},
year = {2012}
}

@article{Mathie_2004,
author = {Mathie, M J and Coster, A C F and Lovell, N H and Celler, B G},
journal = {Physiol. Meas.},
number = {2},
pages = {R1--R20},
title = {{Accelerometry: providing an integrated, practical method for long-term, ambulatory monitoring of human movement}},
volume = {25},
year = {2004}
}

@article{Matthews_2005,
author = {Matthews, Charles E},
journal = {Med. Sci. Sport. Exerc.},
number = {11 (Suppl)},
pages = {S512--S522},
title = {{Calibration of accelerometer output for adults}},
volume = {37},
year = {2005}
}

@article{Matthews_2018,
author = {Matthews, Charles E and Keadle, Sarah Kozey and Moore, Steven C and Schoeller, Dale S and Carroll, Raymond J and Troiano, Richard P and Sampson, Joshua N},
journal = {Med. Sci. Sport. Exerc.},
number = {2},
pages = {266--276},
title = {{Measurement of active and sedentary behavior in context of large epidemiologic studies}},
volume = {50},
year = {2018}
}

@article{Mayagoitia_2002,
author = {Mayagoitia, Ruth E and L{\"{o}}tters, Joost C and Veltnik, Peter H and Hermens, Hermie},
journal = {Gait Posture},
number = {1},
pages = {55--59},
title = {{Standing balance evaluation using a triaxial accelerometer}},
volume = {16},
year = {2002}
}

@article{Mendes_2018,
author = {Mendes, M{\'{a}}rcio de Almeida and da Silva, In{\'{a}}cio C M and Ramires, Virg{\'{i}}lio V and Reichert, Felipe F and Martins, Rafaela C and Tomasi, Elaine},
journal = {Gait Posture},
number = {1},
pages = {98--110},
title = {{Calibration of raw accelerometer data to measure physical activity: A systematic review}},
volume = {61},
year = {2018}
}

@article{Migueles_2017,
author = {Migueles, Jairo H and Cadenas-Sanchez, Cristina and Ekelund, Ulf and Nystr{\"{o}}m, Christine Delisle and Mora-Gonzalez, Jose and L{\"{o}}f, Marie and Labayen, Idoia and Ruiz, Jonatan R and Ortega, Francisco B},
journal = {Sport. Med.},
number = {9},
pages = {1821--1845},
title = {{Accelerometer data collection and processing criteria to assess physical activity and other O outcomes: a systematic review and practical considerations}},
volume = {47},
year = {2017}
}

@article{Montoye_2016a,
author = {Montoye, Alexander H K and Pivarnik, James M and Mudd, Lanay M and Biswas, Subir and Pfeiffer, Karin A},
journal = {AIMS Public Heal.},
number = {2},
pages = {298--312},
title = {{Validation and comparison of accelerometers worn on the hip, thigh, and wrists for measuring physical activity and sedentary behavior}},
volume = {3},
year = {2016}
}

@article{Montoye_2016b,
author = {Montoye, Alexander H.K. and Dong, Bo and Biswas, Subir and Pfeiffer, Karin A.},
journal = {J. Sports Sci.},
number = {21},
pages = {2130--2139},
title = {{Validation of a wireless accelerometer network for energy expenditure measurement}},
volume = {34},
year = {2016}
}

@article{Montoye_2015,
author = {Montoye, Alexander H.K. and Mudd, Lanay M. and Biswas, Subir and Pfeiffer, Karin A.},
journal = {Med. Sci. Sports Exerc.},
number = {8},
pages = {1735--1746},
title = {{Energy expenditure prediction using raw accelerometer data in simulated free living}},
volume = {47},
year = {2015}
}

@article{Montoye_2000,
author = {Montoye, Henry J},
journal = {Med. Sci. Sport. Exerc.},
number = {9 (Suppl)},
pages = {S439--S441},
title = {{Introduction: evaluation of some measurements of physical activity and energy expenditure}},
volume = {32},
year = {2000}
}

@article{Montoye_1983,
author = {Montoye, Henry J and Washburn, Richard and Servais, Stephen and Ertl, Andrew and Webster, John G and Nagle, Francis J},
journal = {Med. Sci. Sport. Exerc.},
number = {5},
pages = {403--407},
title = {{Estimation of energy expenditure by a portable accelerometer}},
volume = {15},
year = {1983}
}

@article{Neugebauer_2014,
author = {Neugebauer, Jennifer M and Collins, Kelsey H and Hawkins, David A},
journal = {PLoS One},
number = {6},
pages = {e99023},
title = {{Ground reaction force estimates from ActiGraph GT3X+ hip accelerations}},
volume = {9},
year = {2014}
}

@article{Neugebauer_2018,
author = {Neugebauer, J M and LaFiandra, M},
journal = {Med. Sci. Sport. Exerc.},
number = {11},
pages = {2369--2374},
title = {{Predicting ground reaction force from a hip-borne accelerometer during load carriage}},
volume = {50},
year = {2018}
}

@article{Nichols_1999,
author = {Nichols, Jeanne F and Morgan, Cindy G and Sarkin, Julie A and Sallis, James F and Calfas, Karen J},
journal = {Med. Sci. Sport. Exerc.},
number = {6},
pages = {908--912},
title = {{Validity, reliability, and calibration of the Tritrac accelerometer as a measure of physical activity}},
volume = {31},
year = {1999}
}

@article{Phillips_2013,
author = {Phillips, Lisa R S and Parfitt, Gaynor and Rowlands, Alex V},
journal = {J. Sci. Med. Sport},
number = {2},
pages = {124--128},
title = {{Calibration of the GENEA accelerometer for assessment of physical activity intensity in children}},
volume = {16},
year = {2013}
}

@article{Plasqui_2013,
author = {Plasqui, Guy and Bonomi, Alberto G and Westerterp, Klaas R},
journal = {Obes. Rev.},
number = {6},
pages = {451--462},
title = {{Daily physical activity assessment with accelerometers: new insights and validation studies}},
volume = {14},
year = {2013}
}

@article{Rowlands_2016,
author = {Rowlands, Alex V and Yates, Tom and Davies, Melanie and Khunti, Kamlesh and Edwardson, Charlotte L},
journal = {Med. Sci. Sport. Exerc.},
number = {10},
pages = {1935--1941},
title = {{Raw accelerometer data analysis with GGIR R-package: does accelerometer brand matter?}},
volume = {48},
year = {2016}
}

@article{Shiroma_2014,
author = {Shiroma, Eric J and Sesso, Howard D and Moorthy, M V and Buring, Julie E and Lee, I-Min},
journal = {J. Am. Heart Assoc.},
number = {5},
pages = {e000802},
title = {{Do moderate-intensity and vigorous-intensity physical activities reduce mortality rates to the same extent?}},
volume = {3},
year = {2014}
}

@article{Strath_2013,
author = {Strath, Scott J and Kaminsky, Leonard A and Ainsworth, Barbara E and Ekelund, Ulf and Freedson, Patty S and Gary, Rebecca A and Richardson, Caroline R and Smith, Derek T and Swartz, Ann M},
journal = {Circulation},
number = {20},
pages = {2259--2279},
title = {{Guide to the assessment of physical activity: clinical and research applications}},
volume = {128},
year = {2013}
}

@article{Troiano_2005,
author = {Troiano, Richard P},
journal = {Med. Sci. Sport. Exerc.},
number = {11 (Suppl)},
pages = {S487--S489},
title = {{A timely meeting: objective measurement of physical activity}},
volume = {37},
year = {2005}
}

@article{Troiano_2014,
author = {Troiano, Richard P and McClain, James J and Brychta, Robert J and Chen, Kong Y},
journal = {Br. J. Sports Med.},
number = {13},
pages = {1019--1023},
title = {{Evolution of accelerometer methods for physical activity research}},
volume = {48},
year = {2014}
}

@article{Vaha-Ypya_2015,
author = {V{\"{a}}h{\"{a}}-Ypy{\"{a}}, Henri and Vasankari, Tommi and Husu, Pauliina and Suni, Jaana and Siev{\"{a}}nen, Harri},
journal = {Clin. Physiol. Funct. Imaging},
number = {1},
pages = {64--70},
title = {{A universal, accurate intensity-based classification of different physical activities using raw data of accelerometer}},
volume = {35},
year = {2015}
}

@article{vanHees_2013,
author = {van Hees, Vincent T and Gorzelniak, Lukas and Le{\'{o}}n, Emmanuel Carlos Dean and Eder, Martin and Pias, Marcelo and Taherian, Salman and Ekelund, Ulf and Renstr{\"{o}}m, Frida and Franks, Paul W and Horsch, Alexander and Brage, S{\o}ren},
journal = {PLoS One},
number = {4},
pages = {e61691},
title = {{Separating movement and gravity components in an acceleration signal and implications for the assessment of human daily physical activity}},
volume = {8},
year = {2013}
}

@article{Warburton_2017,
author = {Warburton, Darren E R and Bredin, Shannon S D},
journal = {Curr. Opin. Cardiol.},
number = {5},
pages = {541--556},
title = {{Health benefits of physical activity: a systematic review of current systematic reviews}},
volume = {32},
year = {2017}
}

@article{Welk_2005,
author = {Welk, Gregory J},
journal = {Med. Sci. Sport. Exerc.},
number = {11 (Suppl)},
pages = {S501--S511},
title = {{Principles of design and analyses for the calibration of accelerometry-based activity monitors}},
volume = {37},
year = {2005}
}

@article{Wong_1981,
author = {Wong, Thomas C and Webster, John G and Montoye, Henry J and Washburn, Richard},
journal = {IEEE Trans. Biomed. Eng.},
number = {6},
pages = {467--471},
title = {{Portable accelerometer device for measuring human energy expenditure}},
volume = {28},
year = {1981}
}

@article{Yang_2010,
author = {Yang, Che-Chang and Hsu, Yeh-Liang},
journal = {Sensors (Basel)},
number = {8},
pages = {7772--7788},
title = {{A review of accelerometry-based wearable motion detectors for physical activity monitoring}},
volume = {10},
year = {2010}
}

@article{Zhang_2012,
author = {Zhang, Shaoyan and Murray, Peter and Zillmer, Ruediger and Eston, Roger G and Catt, Michael and Rowlands, Alex V},
journal = {Med. Sci. Sport. Exerc.},
number = {11},
pages = {2228--2234},
title = {{Activity classification using the GENEA: optimum sampling frequency and number of axes}},
volume = {44},
year = {2012}
}