@article{Guthold_2018,
author = {Guthold, Regina and Stevens, Gretchen A and Riley, Leanne M and Bull, Fiona C},
journal = {Lancet Glob. Heal.},
number = {10},
pages = {e1077--e1086},
title = {{Worldwide trends in insufficient physical activity from 2001 to 2016: a pooled analysis of 358 population-based surveys with 1{\textperiodcentered}9 million participants}},
volume = {6},
year = {2018}
}

@article{Migueles_2017,
author = {Migueles, Jairo H and Cadenas-Sanchez, Cristina and Ekelund, Ulf and Nystr{\"{o}}m, Christine Delisle and Mora-Gonzalez, Jose and L{\"{o}}f, Marie and Labayen, Idoia and Ruiz, Jonatan R and Ortega, Francisco B},
journal = {Sport. Med.},
number = {9},
pages = {1821--1845},
title = {{Accelerometer data collection and processing criteria to assess physical activity and other outcomes: a systematic review and practical considerations}},
volume = {47},
year = {2017}
}

@article{Montoye_2000,
author = {Montoye, Henry J},
journal = {Med. Sci. Sport. Exerc.},
number = {9 (Suppl)},
pages = {S439--S441},
title = {{Introduction: evaluation of some measurements of physical activity and energy expenditure}},
volume = {32},
year = {2000}
}

@article{Neugebauer_2014,
author = {Neugebauer, Jennifer M and Collins, Kelsey H and Hawkins, David A},
journal = {PLoS One},
number = {6},
pages = {e99023},
title = {{Ground reaction force estimates from ActiGraph GT3X+ hip accelerations}},
volume = {9},
year = {2014}
}

@article{Plasqui_2013,
author = {Plasqui, Guy and Bonomi, Alberto G and Westerterp, Klaas R},
journal = {Obes. Rev.},
number = {6},
pages = {451--462},
title = {{Daily physical activity assessment with accelerometers: new insights and validation studies}},
volume = {14},
year = {2013}
}

@article{Strath_2013,
author = {Strath, Scott J and Kaminsky, Leonard A and Ainsworth, Barbara E and Ekelund, Ulf and Freedson, Patty S and Gary, Rebecca A and Richardson, Caroline R and Smith, Derek T and Swartz, Ann M},
journal = {Circulation},
number = {20},
pages = {2259--2279},
title = {{Guide to the assessment of physical activity: clinical and research applications}},
volume = {128},
year = {2013}
}

@article{Warburton_2006,
author = {Warburton, Darren E R and Nicol, Crystal Whitney and Bredin, Shannon S D},
journal = {Can. Med. Assoc. J.},
number = {6},
pages = {801--809},
title = {{Health benefits of physical activity: the evidence}},
volume = {174},
year = {2006}
}

@article{Warburton_2017,
author = {Warburton, Darren E R and Bredin, Shannon S D},
journal = {Curr. Opin. Cardiol.},
number = {5},
pages = {541--556},
title = {{Health benefits of physical activity: a systematic review of current systematic reviews}},
volume = {32},
year = {2017}
}

@article{Welk_2005,
author = {Welk, Gregory J},
journal = {Med. Sci. Sport. Exerc.},
number = {11 (Suppl)},
pages = {S501--S511},
title = {{Principles of design and analyses for the calibration of accelerometry-based activity monitors}},
volume = {37},
year = {2005}
}